<record><leader>00000cas a2200000 a 4500</leader><controlfield tag="001">9717300</controlfield><controlfield tag="008">830719d183918uumiuwr ne      0    0eng  </controlfield><datafield ind1=" " ind2=" " tag="010"><subfield code="a">sn 83016319 </subfield></datafield><datafield ind1=" " ind2=" " tag="040"><subfield code="a">DLC</subfield><subfield code="b">eng</subfield><subfield code="c">DLC</subfield><subfield code="d">MHN</subfield><subfield code="d">OCL</subfield><subfield code="d">OCLCQ</subfield></datafield><datafield ind1=" " ind2=" " tag="042"><subfield code="a">msc</subfield></datafield><datafield ind1="0" ind2="0" tag="050"><subfield code="a">Newspaper 8401-X</subfield></datafield><datafield ind1="0" ind2="0" tag="245"><subfield code="a">Plain dealer and Lapeer County Democrat.</subfield></datafield><datafield ind1=" " ind2=" " tag="260"><subfield code="a">Lapeer, Mich. :</subfield><subfield code="b">Lapeer Typographical Association</subfield></datafield><datafield ind1=" " ind2=" " tag="300"><subfield code="a">v. ;</subfield><subfield code="c">68 cm.</subfield></datafield><datafield ind1=" " ind2=" " tag="310"><subfield code="a">Weekly</subfield></datafield><datafield ind1="1" ind2=" " tag="362"><subfield code="a">Began in 1839</subfield><subfield code="z">Cf. McMurtrie, d. Early print. in Mi., 1931.</subfield></datafield><datafield ind1=" " ind2=" " tag="500"><subfield code="a">"First newspaper in Lapeer County." Cf. McMurtrie, D. Early print. in Mi., 1931.</subfield></datafield><datafield ind1=" " ind2=" " tag="588"><subfield code="a">Description based on: Apr. 17, 1840.</subfield></datafield><datafield ind1="2" ind2=" " tag="710"><subfield code="a">Lapeer Typographical Association.</subfield></datafield><datafield ind1=" " ind2=" " tag="752"><subfield code="a">United States</subfield><subfield code="b">Michigan</subfield><subfield code="c">Lapeer</subfield><subfield code="d">Lapeer.</subfield></datafield><datafield ind1="0" ind2="0" tag="785"><subfield code="a">Lapeer County Democrat (Lapeer, Mich. : 1850)</subfield><subfield code="w">(DLC)sn 97070633</subfield><subfield code="w">(OCoLC)&lt;38059414&gt;</subfield></datafield></record>